2967 4892
448 386 2254 503 -2'1212011100115,

599 584 921 686 Ambage
953 598 1166 688 longa
1197 601 1497 670 dicerem
1533 600 1720 669 viros
1758 597 1997 669 stetiss’e
2035 599 2303 670 circum

594 761 876 833 partum
906 768 1271 854 juvantem
1311 784 1471 841 ante
1509 787 1622 837 me
1663 766 1736 836 ni
1773 767 1934 837 trita
1966 769 2110 854 jam
2154 764 2480 859 Cethegis

594 930 689 1002 Et
721 932 1034 1006 veritatis
1069 952 1215 1006 vox
1252 932 1457 1007 fidem
1493 935 1767 1008 levass'et
1799 933 2125 1005 obsoleta.
2481 1030 2486 1037 ι

592 1098 764 1174 Hoc
795 1105 1122 1192 quicquid
1165 1106 1262 1175 est
1275 1155 1298 1188 ,
1339 1123 1427 1174 en
1458 1103 1730 1190 prodeo
1763 1100 1980 1170 fretus
2024 1100 2301 1185 stupore
2335 1045 2555 1191 vulgi,

588 1264 836 1354 Jocosa
873 1287 1126 1356 nempe
1162 1267 1350 1336 seriis
1388 1264 1794 1350 plerumque
1837 1263 2313 1350 praeferentia,

584 1426 847 1499 Faceta
877 1428 1056 1499 dieta
1087 1429 1461 1518 grandibus
1477 1474 1502 1510 ,
1540 1427 1913 1515 festivaque
1948 1428 2253 1503 eruditis.

585 1597 1027 1685 Quandoque
1048 1594 1272 1668 virtus
1305 1596 1641 1665 innocens
1684 1594 1864 1666 ludit
1902 1594 2363 1682 severiorum,

585 1764 681 1834 Et
711 1761 1055 1852 explicata
1087 1763 1288 1852 saepe
1320 1762 1459 1831 rifit
1490 1763 1635 1850 ipsa
1669 1763 1862 1833 frona
1903 1761 2281 1834 Catonum.

583 1931 755 2004 Hoc
786 1932 958 2001 orbe
989 1932 1207 2001 tostus
1241 1930 1595 2019 parmulae
1629 1942 1875 1998 contra
1922 1931 2112 2002 leves
2147 1930 2454 2020 sagittas,

506 2200 511 2206 Ι
581 2097 1013 2187 Loquacium
1039 2097 1511 2168 sermunculos
1540 2094 1765 2164 subire
1804 2114 1946 2185 non
1982 2115 2307 2182 pavesco.

579 2263 846 2350 Jocosa·
863 2280 1074 2352 porto
1093 2315 1116 2348 ,
1153 2265 1463 2334 ludicros
1498 2264 1663 2331 sales
1683 2308 1707 2344 ,
1741 2263 1859 2331 sed
1899 2265 2327 2337 innocentes.

579 2429 801 2502 Inefl’e
835 2432 1066 2503 versus
1100 2433 1326 2506 noluit
1363 2430 1719 2504 Camoena
1755 2431 2194 2512 criminosos,

574 2597 703 2680 Et,
740 2614 1086 2687 quotquot
1117 2620 1319 2671 aures
1344 2603 1715 2669 vulnerent
1745 2598 1978 2685 sordes
2004 2598 2460 2672 Catulliauae.

576 2759 719 2832 sed
758 2760 1077 2833 occulam
1110 2777 1201 2835 ue
1232 2759 1397 2845 quid
1433 2759 1612 2838 finu,
1645 2779 1833 2831 nunc
1858 2769 2191 2835 candidus
2225 2768 2515 2847 fatebor.

575 2925 782 2999 Licet
824 2940 1112 3015 paterna
1150 2921 1411 3014 jufferit
1445 2923 1691 2995 videre
1733 2942 1847 2993 me
1888 2927 2209 2997 voluutas
2333 2966 2338 2971 -

573 3080 800 3167 Amas
835 3108 1146 3182 apertas,
1184 3110 1327 3163 non
1360 3106 1594 3164 tamen
1637 3046 1918 3181 prodire
1954 3094 2137 3166 solus
2178 3092 2408 3176 ausus,

571 3261 969 3337 Periculofis
999 3263 1185 3336 aleae
1224 3280 1372 3333 non
1413 3261 1681 3333 credidi
1729 3256 2006 3332 fritillis.

569 3410 789 3522 Apud
831 3443 1101 3522 patrem
1140 3430 1506 3501 fiminimos
1539 3428 1675 3501 mei
1714 3428 1930 3501 latere
1976 3446 2216 3501 noram

571 3596 1046 3679 Frater-culos:
1088 3596 1506 3701 consortium
1537 3596 1739 3669 fidele
1775 3597 2107 3687 flagitavi.

571 3765 919 3842 Conceffit
942 3768 1095 3850 ille,
1131 3782 1312 3842 voce
1343 3780 1575 3852 motus
1617 3765 1975 3855 supplicis,
2015 3761 2129 3841 sed
2153 3778 2377 3858 aegre.
2475 3816 2484 3821 ‚

2367 3924 2602 4007 Nunc,
