2967 4892
696 272 2053 413 ſspRoLoGus.
2385 355 2439 421 :5

376 534 623 620 Nunc,
664 537 710 604 fi
745 541 906 609 mali
937 542 1101 628 quid
1136 540 1444 623 accidat,
1484 537 1744 610 divisus
1769 541 1957 608 inter.
1990 551 2230 609 omnes

374 703 648 772 Minore
684 716 906 777 terror
928 710 1201 797 impetu
1236 709 1627 796 prosternet
1662 716 2119 798 expaventes,

370 869 458 937 Et
490 870 665 938 alter
692 875 981 943 alterum
1023 879 1179 964 pins
1210 876 1449 946 solatio
1494 879 1784 964 juvabit.
2358 889 2400 952 3
2431 898 2439 943 ι

368 1036 675 1127 Fortuna
706 1041 823 1106 sed
863 1042 910 1108 fi
946 1034 1238 1125 juverit,
1280 1046 1636 1132 graduque
1666 1044 1839 1115 stare
1884 1043 2083 1113 firmo

367 1198 618 1269 Amica
654 1201 870 1268 laetos
905 1198 1197 1287 jufferit3
1240 1221 1608 1273 commune
1645 1222 1917 1275 crescet
1955 1208 2140 1275 inter

365 1367 649 1436 Fratres
687 1382 972 1439 ovantes
1016 1370 1386 1457 gaudium:
1432 1387 1542 1439 res
1582 1387 1745 1439 cum
1795 1378 1920 1436 tuo
1966 1363 2178 1435 sodali

365 1532 463 1601 Ni
506 1536 807 1621 partiare
844 1553 1242 1623 prosperas,
1282 1539 1505 1605 omnis
1549 1494 1730 1622 perit
1775 1533 2124 1621 voluptas.

363 1700 645 1771 Ludens
676 1701 793 1771 sed
840 1668 1013 1773 nnus
1057 1707 1238 1775 inter
1287 1707 1415 1774 hos
1451 1702 1669 1772 lusum
1700 1703 1893 1789 pium
1916 1744 1939 1781 ,
1976 1696 2404 1784 modestum,

365 1867 452 1935 ln
492 1868 745 1941 seriam.
770 1888 920 1943 rem
966 1873 1303 1943 ludicram
1350 1872 1701 1939 convertit
1719 1918 1741 1950 ,
1778 1870 2268 1953 admonetque,

369 2034 653 2105 Tellure
685 2038 974 2125 spretas
992 2038 1255 2111 nobiles
1288 2039 1363 2107 in
1391 2040 1462 2108 se
1498 2038 1722 2108 redire
1755 2048 2051 2117 mentes;

371 2201 511 2271 Sed
540 2203 956 2279 ludibundus
990 2218 1353 2295 qnatenus,
1396 2204 1625 2276 nostra
1655 2207 1945 2277 cohorte
1975 2205 2247 2294 dignus.
2391 2204 2398 2211 ’

2390 2290 2425 2329 .,

367 2367 571 2440 Latet
602 2385 882 2446 caterva
899 2422 922 2459 ,
959 2378 1352 2463 discrepans
1389 2374 1803 2446 modestiore
1831 2376 2027 2448 cultu
2043 2424 2068 2459 ,

367 2536 599 2624 Quam
630 2544 866 2615 vincla
901 2546 1072 2613 dura
1106 2545 1578 2635 comprimunt
1614 2543 1733 2609 sub
1759 2543 2060 2610 carceris
2098 2536 2419 2608 tenebris.
2541 2560 2548 2565 ·

366 2702 571 2772 Haec
601 2705 1005 2773 scriniorum
1048 2702 1312 2785 taedio,
1351 2701 1607 2789 fituque
1639 2697 1847 2774 foeda
1873 2702 2120 2790 longo,

361 2871 626 2957 Aperta
654 2874 837 2943 coeli
874 2870 1170 2960 flagitat,
1213 2871 1545 2958 cupitque
1576 2871 1910 2956 promite.

374 3038 618 3108 Subire
656 3037 930 3108 cautior
975 3052 1207 3106 tamen
1244 3037 1624 3124 periculum
1653 3037 1958 3137 recusat,

371 3182 764 3293 Sedensque
784 3255 807 3287 ‚
848 3223 981 3275 ceu
1012 3207 1104 3275 de
1141 3221 1310 3292 rupe
1342 3205 1519 3275 celsa
1554 3206 1926 3294 prospicit,
1965 3216 2292 3292 vagantes

371 3373 576 3460 Quae
613 3373 758 3442 fata
794 3373 1129 3443 fraternas
1164 3387 1373 3461 agant
1405 3385 1585 3442 rates
1627 3371 1805 3440 feras
1838 3388 1962 3458 per
1996 3372 2243 3444 undas:

226 3532 231 3537 ’
275 3610 278 3614 Α
373 3536 589 3623 Quod
624 3537 673 3608 fl
705 3540 1043 3621 secunda3
1087 3539 1364 3611 forsitan
1402 3538 1756 3629 sequetur,
1798 3554 1872 3623 et
1906 3538 2141 3609 solutis

357 3704 656 3782 Portum
697 3712 1087 3800 relinquens
1116 3709 1393 3784 funibus
1408 3758 1426 3789 ‚
1463 3712 1658 3796 vagis
1698 3708 1963 3782 feretur
2004 3704 2203 3779 auris.
2437 3799 2442 3804 .

1406 3872 1478 3948 A
1530 3892 1566 3964 3
2292 3868 2411 3944 Sin
