2967 4892
905 368 1979 477 LUDICRJJ.
2376 389 2469 455 σι

572 572 2301 686 Ε’ΪΧΑΡΙΣΤΗῬΙΟΝ

1357 788 1518 851 AD

415 963 1008 1071 SENATU
1032 947 1167 1064 Μ’
1223 950 1385 1065 ιη*
1425 966 2473 1076 MAGISTRATUS

745 1102 2129 1225 CULEMBURGICOS

517 1309 742 1387 PRO
790 1306 1213 1383 PYXIDE
1261 1305 1665 1427 TABACI
1714 1305 2381 1405 ARGENTEA‚'

415 1499 813 1603 Insignibus
842 1507 1168 1578 civitatis
1202 1499 1584 1600 artficiqfi‘
1604 1499 1967 1600 inscalptir
1987 1504 2433 1605 superbiente
2465 1559 2492 1596 ,

957 1698 1029 1762 D
1075 1695 1144 1763 Ο
1183 1692 1255 1758 N
1298 1689 1371 1759 O
1452 1688 1534 1759 M
1574 1690 1606 1756 I
1650 1688 1697 1756 S
1737 1691 1787 1760 S
1831 1691 1927 1762 A.

422 1837 800 2013 ARguit
832 1889 1142 2011 imporiis
1173 1924 1438 1990 animos
1482 1921 1802 1992 felicibus
1834 1937 2031 2012 apto·

505 2092 748 2162 Gratia
802 2109 936 2177 pro
976 2090 1221 2159 merito
1262 2089 1544 2160 reddita.
1567 2107 1817 2178 magna
1849 2093 2009 2164 levi,

425 2259 706 2367 Scilicet
743 2257 917 2330 haec
960 2261 1183 2330 virtus
1222 2261 1504 2347 superos
1548 2259 1827 2348 attingit
1870 2259 2207 2334 honores:

504 2428 671 2496 Non
713 2428 840 2497 alia
878 2428 1008 2496 hac
1046 2428 1326 2497 brevior
1374 2427 1570 2496 ducit
1606 2427 1694 2495 ad
1735 2426 1907 2498 astra
1948 2430 2063 2502 via
2086 2452 2111 2498 .·

422 2593 589 2665 Non
629 2597 757 2663 alia
795 2599 1190 2663 innumeros
1240 2595 1484 2661 docuit
1522 2610 1630 2657 res
1672 2596 1980 2662 condere
2024 2599 2228 2667 ritus:

505 2760 672 2828 Non
715 2759 844 2825 alia
889 2759 1200 2844 antiquos
1241 2757 1699 2846 multiplicare
1734 2757 1947 2845 Joves
1962 2782 2000 2831 ε’

425 2927 590 2997 Non
631 2926 762 2995 alia
795 2926 1138 3015 quondam
1177 2939 1559 3013 prognatus
1601 2925 1868 3014 origine
1904 2926 2108 2999 Belus

503 3092 660 3160 Post
696 3090 842 3160 fata
887 3089 1166 3177 Affyrio
1208 3090 1434 3161 cultus
1476 3093 1552 3160 in
1592 3093 1760 3162 orbe
1801 3094 2016 3167 Deus.

427 3259 742 3328 Heroum
782 3259 1134 3329 benefacta
1179 3259 1468 3337 cadant,
1509 3238 1871 3326 foecunda
1903 3262 2223 3334 Deorum

512 3423 807 3495 Graecia
853 3425 1162 3496 nesciss‘et
1208 3427 1487 3493 numina
1530 3441 1706 3494 vana
1752 3421 1959 3514 sequi.
2027 3436 2034 3441 ·

433 3591 588 3661 Hac
626 3608 773 3662 arte
812 3592 1087 3660 innixos
1132 3591 1557 3662 rutilantibus
1605 3593 1870 3665 addidit
1904 3595 2089 3667 astris

511 3755 802 3832 Romula
836 3780 1004 3849 gens
1040 3761 1336 3835 summos
1379 3779 1523 3834 non
1549 3761 1733 3835 bene
1768 3775 1964 3852 grata
1989 3763 2229 3844 duces.'
2337 3834 2342 3837 .
2410 3777 2416 3783 '

2379 3927 2477 4007 At
