2967 4892
863 372 1940 451 LUDICRA.
2333 394 2434 475 77

374 583 578 653 tionis
604 580 721 650 illa
744 584 1076 653 maximae
1101 580 1230 652 est!
1275 582 1429 653 Hos
1454 582 1574 651 hic
1602 594 1847 654 notare
1868 581 2229 670 suppudet.
2291 584 2437 657 Cu⁴

370 752 629 822 raveris
672 754 847 823 haec
886 754 1170 839 optime.

412 980 417 989 .
450 920 787 991 Socerum
813 921 1178 992 imbecillis
1209 921 1530 1008 corporis
1560 924 1903 1011 animique
1929 923 2114 992 vires
2146 923 2436 1004 debiles,

372 1104 443 1162 et
491 1103 766 1185 caetera
813 1088 1114 1174 injuriosi
1168 1091 1387 1158 multa
1437 1092 1603 1159 senii
1659 1093 2102 1193 incommoda
2126 1142 2152 1177 ,
2209 1109 2440 1178 propo

368 1257 727 1345 quinquies
767 1258 1014 1327 decem
1051 1275 1177 1342 per
1217 1272 1430 1327 annos
1467 1275 1755 1328 munere
1793 1277 1957 1328 cum
1984 1259 2188 1328 laude
2233 1259 2440 1328 func-

370 1438 554 1509 tum,
596 1426 974 1513 lampadem
1008 1443 1195 1497 nunc
1232 1427 1434 1494 alteri
1462 1425 1739 1501 deferre
1768 1438 2055 1515 cogunt.
2136 1424 2254 1494 Est
2281 1424 2433 1510 qui-

370 1592 530 1662 dem
567 1593 684 1662 hic
723 1608 933 1664 notus
972 1593 1099 1664 tibi
1128 1591 1519 1674 Bredanus,
1557 1597 1692 1661 hac
1729 1598 1804 1661 in
1841 1550 2015 1663 urbe
2051 1595 2172 1680 qui
2204 1592 2438 1662 usura-

371 1759 539 1827 riam
572 1770 858 1828 exercet
896 1768 1140 1835 artem.
1226 1757 1343 1826 Sic
1379 1759 1658 1844 quidem
1701 1760 1972 1828 nostrae
2018 1761 2123 1832 rei
2161 1773 2236 1830 et
2279 1776 2442 1833 nos·-

371 1940 484 1999 tro
533 1928 791 1999 lucello
835 1924 1241 1993 detrahetur
1289 1922 1630 1991 nonnihil.
1737 1922 1877 1992 Sed
1928 1941 2282 2010 pareamus
2307 1972 2330 2009 ,
2388 1927 2439 1996 fi

364 2095 564 2183 jubet
597 2090 994 2162 neceffitas:
1031 2089 1271 2161 clavos
1316 2088 1606 2160 trabales
1649 2100 1720 2160 et
1763 2108 1979 2161 manu
2014 2109 2282 2162 cuneos
2318 2111 2440 2179 ge-

369 2263 481 2333 rit.
572 2259 692 2329 Fit
735 2275 818 2347 ut
858 2259 1184 2347 sequatur
1225 2261 1491 2329 honore
1528 2256 1799 2328 functos
1839 2260 2096 2347 gloria,
2130 2262 2249 2331 sed
2288 2277 2434 2330 non

372 2429 714 2518 stipendio
763 2427 969 2498 beant
1014 2429 1187 2498 haec
1239 2439 1578 2515 tempora.
1660 2426 1968 2500 Fortassis
2015 2431 2286 2519 excipis
2333 2431 2440 2499 sa-

368 2615 528 2667 cros
559 2593 907 2665 antistites.
987 2595 1160 2664 Avis
1190 2595 1324 2662 fuit
1354 2598 1632 2678 quoque
1670 2610 1822 2660 rara
1869 2593 2178 2664 decessor
2209 2612 2439 2691 meua,

370 2764 485 2835 cui
521 2760 792 2849 profuit
825 2771 997 2831 tunc
1031 2759 1366 2848 Principis
1403 2760 1804 2847 praesentia.

452 2930 757 3002 Mirer-ne
775 2929 1076 3001 Fuscum
1100 2931 1530 3019 garrientem
1554 2929 1825 3000 inania?
1856 2929 1952 3002 Ni
1976 2951 2091 3002 res
2114 2933 2432 3020 sequatur

371 3095 606 3178 verba,
629 3097 834 3167 habes
852 3093 1188 3176 solatium,
1206 3096 1394 3182 quod
1412 3097 1690 3166 accinas
1705 3099 2085 3171 Horatiano
2104 3101 2428 3175 carmini:
2483 3126 2492 3134 ·

704 3267 824 3337 Cui
868 3263 1026 3331 domi
1067 3268 1242 3347 panis
1275 3263 1435 3350 finis
1474 3262 1554 3344 est
1599 3269 1862 3349 merique
1881 3308 1905 3345 ‚
2331 3232 2340 3239 ι

713 3431 866 3500 Non
905 3444 1031 3517 eget
1069 3430 1310 3514 trullis,
1349 3426 1599 3511 cerafis,
1639 3451 1740 3500 nec
1778 3433 1980 3513 horto,

708 3599 915 3672 Multa
955 3616 1056 3670 nec
1095 3612 1267 3669 curae
1301 3597 1447 3667 bona
1474 3596 1803 3686 pollicentis
1823 3640 1848 3679 ,

807 3725 813 3731 ὑ
1404 3767 1590 3838 Fusce
1612 3813 1636 3854 ‚
1673 3765 1989 3857 loquelam.

2289 3929 2429 4005 Sed
