2967 4892
860 356 2024 441 Lunl‘.CR·A.-
2319 391 2414 471 49

370 546 775 641 Doctrinam
809 570 1117 639 didicere
1148 588 1367 640 meam
1398 566 1774 652 Batavique
1808 564 2273 662 Scythaeque,

444 741 532 807 Et
565 758 855 823 quorum
888 702 1196 806 Rhudani
1231 739 1491 824 proluit
1530 734 1712 804 unda
1747 730 1942 804 fitim.

363 903 536 973 Sunt
573 907 739 975 mihi
768 884 1155 993 conspicuis
1202 923 1444 993 regum
1486 903 1864 988 diplomata
1910 905 2141 994 signis,

442 1074 991 1155 Deposcuntque
1037 1074 1220 1136 suam
1266 1072 1452 1156 regia
1492 1073 1711 1140 verba
1755 1074 1978 1145 fidem.

360 1236 763 1319 Coeliacu3‚
808 1235 1029 1312 tabes,
1075 1235 1504 1321 elephantia,
1541 1235 1881 1315 calculuS,
1922 1196 2273 1327 hydreps,

444 1405 533 1475 Et
559 1423 726 1474 cura
754 1403 940 1472 facili
970 1403 1161 1472 tarda
1192 1404 1495 1491 podagra
1527 1401 1731 1491 fugit.

361 1570 528 1648 Sed,
572 1571 846 1658 quando
889 1570 1072 1640 stulti
1115 1570 1247 1653 est,
1288 1569 1514 1642 verbis
1555 1570 1669 1639 sua
1706 1572 1952 1643 tollere
1995 1571 2202 1661 faeta,

447 1740 782 1807 Nax-rator
826 1738 1149 1824 propriae
1194 1756 1331 1806 non
1369 1756 1496 1823 ego
1529 1739 1749 1845 laudi}
1781 1759 1923 1811 ero.

318 1870 327 1881 ⁰
359 1906 476 1977 Ad
512 1926 656 1975 rem
675 1907 1022 1989 :pervenio
1040 1931 1063 1986 3
1103 1904 1316 1970 modo
1350 1904 1544 1969 dictis
1579 1903 1801 2006 adjice
1832 1916 2173 1992 mentem,

445 2072 772 2159 Quidque
814 2082 995 2137 artes
1033 2067 1340 2146 valeant,
1380 2070 1788 2155 experiere,
1828 2091 2042 2147 meae.

361 2241 497 2311 Seu
535 2240 659 2308 tibi
696 2239 862 2308 dens
902 2237 1092 2323 niger
1124 2235 1260 2315 est,
1301 2236 1526 2309 succis
1567 2236 1806 2306 exesus
1837 2242 2102 2325 acuti33

442 2410 582 2478 Seu
620 2408 744 2479 tibi
779 2405 1112 2493 inaequali
1145 2403 1428 2473 rheuma
1468 2406 1716 2475 dolore
1756 2406 1937 2476 salit:

359 2572 520 2645 Sive
556 2579 791 2643 inflata
834 2575 960 2642 tibi
991 2573 1273 2658 gingiva
1306 2573 1621 2679 parulide
1657 2585 1893 2654 turget
1911 2595 1936 2652 ς

441 2739 804 2811 Continuo
840 2735 1063 2828 fugiet
1097 2733 1280 2803 triste
1318 2736 1556 2805 calore
1597 2734 1873 2809 malum,

217 2899 246 2933 ¹
357 2910 670 2981 Maxillas
702 2908 1115 2994 cataplasma
1147 2902 1375 2994 tegat3
1418 2904 1909 2989 cataplasmate
1945 2905 2189 2977 craffus

370 3156 379 3163 ‚
436 3077 756 3144 Tolletur
789 3073 1014 3143 calido
1059 3072 1299 3140 succus
1339 3085 1407 3139 et
1442 3072 1691 3142 humor
1722 3072 1917 3145 iners,

363 3241 685 3311 Sumatur
718 3240 957 3326 liquidi
992 3239 1118 3309 tibi
1155 3196 1315 3328 t’aex
1350 3241 1466 3307 vel
1506 3240 1725 3305 scoria
1761 3193 2068 3328 plumbi,
2126 3344 2132 3349 ·

441 3407 532 3475 Et
572 3394 784 3475 reflua
818 3405 1064 3489 sequax
1087 3453 1108 3483 ‚
1145 3423 1350 3488 quam
1393 3405 1818 3477 terebinthus
1853 3408 2095 3479 habet:

332 3548 510 3642 *Det
546 3572 670 3661 tibi
708 3560 1064 3659 praeterea
1099 3554 1669 3683 quatuur'gallina
1701 3575 1981 3647 vitellos
2000 3598 2025 3661 3

446 3738 847 3824 Cunctaque
879 3740 1006 3817 fint
1041 3737 1283 3840 pingui·
1313 3724 1598 3819 munere
1634 3739 1823 3823 mista
1861 3741 2018 3821 cici.

434 3865 444 3875 ’
1432 3907 1506 3977 D
2250 3907 2424 3986 sunt
