2967 4892
609 380 700 470 36
920 337 1460 442 HENRICI
1505 355 2326 448 -HooGEvEEN

538 657 543 674 ,
606 579 756 651 Cur
791 578 892 647 ita
930 576 1339 648 cunctentur
1373 575 1635 646 Cancri
1673 574 1791 644 sub
1837 559 2094 655 fidere,
2133 574 2377 645 discit.-

687 744 837 815 Cur
875 759 1256 832 properent
1294 743 1509 829 Capri
1557 743 1815 828 frigore
1867 741 2025 810 solis
2071 745 2272 827 equi:

603 913 858 982 Nubila
908 913 1043 981 cur'
1081 913 1308 981 dirum
1351 912 1554 980 coelo
1608 909 1986 992 minitantia
2032 908 2261 977 casum

685 1080 1066 1148 Horrifono
1116 1059 1413 1146 flammis
1451 1093 1599 1145 atra
1644 1076 1915 1161 fragore
1951 1085 2272 1143 vomant:
2360 1068 2368 1076 ’

607 1215 822 1315 Unde
864 1261 1110 1315 tremat
1142 1246 1379 1314 tellus:
1419 1262 1591 1328 quae
1630 1243 1816 1309 mille
1857 1242 2204 1314 coloribus
2246 1245 2382 1313 irin
2469 1215 2502 1288 ³⁶

691 1389 1062 1478 Imbrifero
1097 1409 1334 1494 Jubeat
1371 1410 1573 1479 causa
1615 1409 1837 1477 nitere
1877 1412 2078 1495 polo:

605 1578 1363 1666 Quomodo‘formetur
1405 1575 1706 1661 grando:
1747 1593 1921 1662 quae
1958 1579 2180 1664 patria
2218 1578 2489 1649 ventis':

533 1756 544 1767 ·
602 1841 608 1846 ι
681 1746 1008 1815 Stellatae
1045 1744 1343 1812 volitent
1386 1762 1522 1828 quo
1557 1744 1871 1831 genitore
1905 1747 2132 1816 nives:
2226 1771 2230 1778 ·

603 1914 761 2000 Qua
804 1914 878 1981 vi
919 1927 1324 2000 turgescens
1367 1910 1650 1979 invadat
1689 1913 1889 1982 litora
1931 1926 2183 1999 pontus
2207 1958 2233 1994 ‚

685 2079 902 2164 Inque
937 2079 1165 2147 vicem
1203 2082 1419 2147 refluo
1453 2077 1683 2165 surgat
1719 2097 1928 2147 arena
1960 2081 2158 2148 mari.

600 2245 725 2324 Et,
767 2248 1086 2331 quoniam
1126 2248 1357 2322 novit,
1400 2264 1540 2314 non
1578 2245 1676 2312 illi
1720 2245 1901 2313 bella
1942 2244 2240 2312 minatur

681 2410 981 2478 Horrida
1022 2410 1396 2502 sanguineo
1443 2414 1639 2482 crine
1672 2424 1948 2481 cometa
1989 2412 2259 2482 rubens.

597 2578 1015 2663 Algentique
1051 2580 1278 2666 potest
1324 2584 1695 2658 Saturnum
1740 2579 2028 2665 implere
2069 2578 2360 2648 coiono:

638 2759 647 2768 ·
678 2743 968 2812 Civibus
1006 2740 1104 2808 est
1144 2742 1287 2826 ejus
1327 2743 1514 2811 stella
1553 2747 1848 2816 habitata
1883 2746 2097 2831 Jovis.
2317 2709 2322 2718 ¹

598 2909 714 2980 Sic
753 2914 950 2997 juvat
979 2910 1051 2976 in
1083 2909 1358 2995 reiiquis
1396 2924 1804 2997 montesque
1840 2913 2175 2997 urbesque
2207 2912 2539 2997 planetis,

678 3076 1166 3161 Fluminaque,
1206 3088 1277 3144 et
1316 3091 1542 3144 certas
1561 3073 1975 3148 ”constituiffe
2014 3075 2281 3150 domos,

478 3303 481 3306 .
597 3243 793 3315 Musa
833 3243 952 3313 sed
995 3264 1040 3314 o
1077 3253 1407 3330 quantum
1441 3243 1739 3315 nimium
1768 3246 2129 3316 temeraria
2164 3263 2490 3332 campum

680 3411 1105 3500 Ingrederis!
1149 3411 1344 3494 nimis
1385 3410 1496 3488 est„
1519 3431 1678 3484 area
1721 3416 1878 3484 lata.
1959 3413 2176 3486 Tace.

605 3574 641 3642 1
679 3597 895 3661 nunc,
945 3592 1017 3651 et
1052 3580 1293 3651 destos
1318 3581 1672 3666 -juvenum
1705 3597 2076 3688 eontemne
2107 3582 2377 3653 labores
2396 3623 2432 3665 ,-

680 3747 1021 3839 Quisquis
1054 3769 1127 3821 es
1148 3797 1170 3832 ‚
1207 3751 1381 3823 irata
1421 3765 1581 3824 nate
1614 3737 1733 3827 sub
1777 3752 2059 3828 Urania.

2151 3910 2157 3919 ¹
2203 3919 2261 3987 E
2276 3918 2327 3987 Ρ
2345 3919 2377 3986 I
2392 3913 2439 3986 S
2453 3913 2517 3987 T
2537 3914 2646 3998 03
