2967 4892
608 424 700 499 84

908 397 1455 477 HENRICI
1526 396 2338 475 HOOGEVEEN

770 605 910 675 Sub
959 606 1326 676 involucro
1364 608 1722 675 subdolum
1766 605 2227 692 deprenderet

762 773 1017 842 Vatem
1056 775 1378 849 latentem
1402 799 1427 851 ;-
1465 774 1539 839 ni
1574 772 1783 858 stylus
1822 775 2183 859 poeticus,

762 942 858 1011 Ni
905 887 1175 1028 spiritus
1217 939 1666 1027 profundior,
1709 937 1780 1003 ni
1815 939 2118 1019 flosculi,
2189 1036 2202 1049 X

766 1108 965 1192 Quos
1010 1107 1371 1196 singulares
1404 1108 1766 1195 proferunt
1803 1106 1996 1175 Pindi
2036 1110 2240 1200 juga,

767 1277 873 1373 Te
930 1278 1307 1362 proderent
1346 1279 1720 1361 dolumque
1765 1273 2269 1349 subtiliffimum.

840 1441 913 1515 O
952 1459 1146 1530 grata
1180 1444 1428 1514 Fraus!
1471 1442 1788 1515 amabiles
1824 1442 2180 1517 Facetiae!

756 1610 921 1677 Miri
953 1612 1258 1694 Lepores
1299 1624 1505 1687 atque
1552 1609 1777 1673 mellei
1816 1608 2033 1675 Sales!

741 1713 953 1857 ’Quid
991 1776 1238 1859 plura?
1279 1770 1513 1839 Musae
1549 1771 1783 1843 literas
1816 1774 2224 1847 dulciffimae

710 1928 1164 2026 sAmp‘lestor
1211 1939 1583 2007 exsultans:
1626 1939 1742 2009 sed
1787 1958 2102 2026 asperum
2148 1963 2429 2024 movent

754 2106 976 2182 Menti
1019 2107 1335 2176 dolorem
1366 2107 1693 2176 tristiores
1733 2109 1976 2192 optimi

749 2272 896 2344 Avi
934 2276 1251 2362 querelae
1294 2277 1379 2343 de
1427 2274 1882 2343 ferocioribus

754 2440 953 2511 Malis
988 2440 1320 2509 senectae.
1398 2440 1595 2527 Pejus
1634 2457 1901 2512 avertat
1942 2443 2230 2512 DEUS

754 2610 987 2681 Omen
1018 2611 1353 2700 benignus
1398 2623 1471 2680 et
1513 2607 1841 2679 senectuti
1881 2611 2076 2698 gravi

746 2769 1119 2865 Persaeque
1153 2777 1467 2864 praesens
1502 2778 1665 2844 adsst
1699 2792 1773 2847 et
1812 2778 2154 2857 salutifer!

825 2947 978 3016 Nos
1015 2959 1362 3016 caeterum
1398 2946 1704 3014 valemus
1751 2945 1863 3013 hic
1911 2944 2275 3028 athletice,

745 3112 1122 3194 Salvaeque
1170 3096 1284 3178 res'
1317 3112 1469 3177 sunt
1509 3112 1788 3194 insuper
1819 3112 2248 3186 domesticae.

835 3277 1068 3364 Nihil,
1108 3277 1294 3364 quod
1331 3275 1611 3357 addam,
1654 3292 1835 3343 nunc
1881 3277 2048 3346 novi
2087 3277 2227 3347 fert
2263 3277 2549 3363 Africa,

744 3449 871 3520 Nil
906 3449 1263 3537 singulare,
1300 3445 1489 3533 quod
1523 3444 1799 3532 quidem
1830 3445 2111 3533 dignum
2141 3448 2349 3529 meis,

744 3554 1028 3690 Nedum
1061 3615 1237 3693 Tuis
1267 3614 1348 3682 fit
1391 3613 1684 3683 auribus,
1764 3613 2169 3703 superstites

749 3781 1132 3859 'triumviri
1163 3786 1440 3872 fratres,
1475 3793 1804 3872 paternos
1842 3785 1976 3872 qui,
1990 3784 2204 3859 Lares

2476 3949 2632 4023 Me-
