2967 4892
934 344 2005 473 Lunlckn.
2399 373 2490 451 73

453 530 577 606 1112
623 537 966 621 voluptati
1012 535 1276 624 semper
1314 535 1663 604 contraria
1711 535 2029 615 mandat,

536 704 625 771 Et
679 659 840 773 cum
887 717 1215 791 corrupta
1256 704 1517 793 praelia
1552 702 1763 776 carne
1802 707 2001 794 gerit.

450 873 659 944 Plane
705 886 821 955 ut,
862 891 1025 942 cum
1067 890 1295 942 vacuo
1347 874 1634 943 libratur
1680 877 1755 943 in
1806 877 1966 943 aere
2016 872 2295 957 charta,

529 1041 781 1110 Obniti
822 1042 1113 1151 edverfis
1155 1040 1433 1129 cogitur
1470 1044 1590 1112 illa
1638 1043 1838 1116 notis.

452 1200 658 1277 Haud
705 1208 899 1277 aliter
937 1208 1193 1276 Divina
1232 1222 1490 1295 regunt
1542 1213 1820 1280 oracula
1857 1214 2159 1281 mentem
2180 1257 2204 1290 ,

532 1377 763 1464 Quam
811 1377 1117 1445 chartam
1162 1375 1412 1446 aeriam
1465 1376 1701 1464 stupea
1744 1381 1977 1450 vincla
2028 1384 2292 1451 tenent.

450 1542 574 1613 lua
616 1555 988 1632 vagaretur
1042 1544 1295 1631 rapidis
1337 1545 1638 1613 ludibria
1690 1547 1963 1625 ventis,

532 1711 606 1778 Si
646 1711 858 1797 poss'et
896 1722 1091 1779 motu
1132 1709 1451 1782 liberiore
1494 1708 1695 1777 vehi..

314 1922 317 1929 ι
410 1856 644 1952 ιΜαι-ηε,
688 1880 804 1965 pia
848 1897 993 1946 non
1044 1871 1280 1954 aliter,
1322 1877 1460 1944 ssne
1498 1876 1806 1945 Numine
1852 1878 1996 1946 sola
2043 1878 2310 1964 relicta,

528 2024 856 2115 Hostibus
903 2058 1164 2114 erraret
1199 2043 1453 2129 praeda
1506 1996 1728 2130 petita
1773 2042 1956 2136 feris.

446 2215 663 2285 Visne
684 2259 706 2291 ,
745 2180 1077 2300 probem?
1122 2213 1499 2281 Extentum
1535 2211 1886 2282 resecetur
1913 2211 2160 2286 forfice
2185 2217 2417 2302 filum,

525 2383 612 2450 Et
649 2332 917 2460 uideas,
955 2330 1228 2466 pondus
1268 2400 1433 2449 num
1478 2380 1658 2449 ferat
1704 2401 1867 2451 aura
1914 2384 2060 2453 diu.

445 2551 645 2621 Mens
683 2550 964 2617 viduata
1012 2538 1259 2626 sacro}
1312 2532 1489 2634 quae
1528 2550 1720 2615 vitae
1755 2551 1856 2618 est
1902 2551 2184 2636 regula,
2234 2548 2493 2632 verbo,

435 2784 439 2788 ,
523 2715 843 2784 Protinus
881 2715 955 2782 in
997 2715 1316 2786 tenebras
1363 2713 1818 2802 praecipitata
1868 2729 2046 2786 ruet·

439 2884 781 2977 jactatur,
823 2885 1128 2971 quatitur
1181 2884 1429 2954 crebro
1447 2935 1470 2971 ‚
1510 2884 1677 2956 dum
1716 2886 1955 2954 charta
1999 2897 2340 2973 vagatur,

523 3051 730 3159 Aeris
767 3050 1104 3137 assurgens
1140 3049 1473 3120 inferiore
1513 3051 1744 3141 plaga;

442 3218 606 3299 Ast,
645 3221 764 3288 ubi
803 3222 944 3307 jam
979 3221 1266 3306 propior
1307 3221 1555 3298 coelo,
1596 3232 1723 3286 aut
1757 3218 2043 3288 immota
2092 3219 2409 3305 quiescit,'

529 3384 765 3453 Altior
811 3401 924 3453 aut
961 3383 1311 3470 placidum
1332 3376 1476 3451 Ἧι
1511 3394 1750 3453 movet
1789 3402 1955 3453 aura
1991 3376 2201 3459 latust

447 3552 794 3621 Innumeri
826 3551 1069 3640 ‘primis
1109 3549 1383 3622 'obstant
1418 3554 1778 3624 conatibus
1823 3553 2085 3639 hosteS,
2125 3570 2131 3578 ·

525 3718 614 3791 Et
653 3734 864 3792 vexat
900 3736 1206 3794 mentem
1252 3721 1360 3813 vis
1393 3721 1673 3795 inimica
1718 3721 1934 3810 piam3

1508 3890 1569 3962 E
1608 3907 1653 3975 ,5
2318 3891 2489 3983 Sed,
